@STRING{ jan = "Januar" }
@STRING{ feb = "Februar" }
@STRING{ mar = "M{\"a}rz" }
@STRING{ apr = "April" }
@STRING{ may = "Mai" }
@STRING{ jun = "Juni" }
@STRING{ jul = "Juli" }
@STRING{ aug = "August" }
@STRING{ sep = "September" }
@STRING{ oct = "Oktober" }
@STRING{ nov = "November" }
@STRING{ dec = "Dezember" }

@online{Mitarbeiterzahl,
author = {},
title = {Unternehmensporträt der ckc.},
month = mar,
year = {2016},
url = {http://www.ckc-group.de/index.php?id=709},
howpublished={\url{http://www.ckc-group.de/index.php?id=709}}
}
@online{Gamifizierung,
author = {},
title = {Gamifizierung ist die Übertragung von spieltypischen Elementen und Vorgängen in spielfremde Zusammenhänge mit dem Ziel der Verhaltensänderung und Motivationssteigerung bei Anwenderinnen und Anwendern.},
shorttitle = {Gamifizierung Definition.},
month = mar,
year = {2016},
url = {http://wirtschaftslexikon.gabler.de/Definition/gamification.html}
}
@online{Arduino,
author = {},
title = {Die Arduino Hardware ist ein Entwicklerboard zum Basteln von eigenen Schaltkreisen und Ausführen von Steuerungsprogrammen zum Verwalten von angeschlossener Elektronik.},
shorttitle = {Arduino Beschreibung.},
month = mar,
year = {2016},
url = {https://www.arduino.cc/en/Guide/Introduction}
}